@Article{ptolemy2003,
    author = {Eker, Johan and Janneck, Jorn and Lee, Edward A.and Liu, Jie and Liu, Xiaojun and Ludvig, Jozsef and Sachs, Sonia and Xiong, Yuhong},
    title = {Taming heterogeneity - the Ptolemy approach},
    journal = {Proceedings of the IEEE},
    number = {1},
    volume = {91},
    pages = {127--144},
    month = {January},
    year = {2003}
}
@Book{barber2011,
    author = {Barber, David},
    publisher = {Cambridge University Press},
    title = {Bayesian Reasoning and Machine Learning},
    url = {http://www.cs.ucl.ac.uk/staff/d.barber/brml},
    year = 2011
}
@Book{sirca2016,
    author = {Sirca, Simon},
    title = {Probability for physicists},
    publisher = {Springer},
    address = {Berlin},
    series = {Graduate texts in physics},
    year = 2016
}
@Book{cowan1998,
    author = {Cowan, Glen},
    publisher = {Oxford University Press, USA},
    title = {Statistical data analysis},
    year = 1998
}
@Book{kirkup2006,
    author = {Kirkup, Les and Frenkel, Bob},
    publisher = {Cambridge University Press},
    title = {An Introduction to Uncertainty in Measurement},
    year = 2006
}
@Book{livan2017,
    author = {Livan, Giacomo and Novaes, Marcel and Vivo, Pierpaolo},
    publisher = {Springer},
    title = {Introduction to Random Matrices - Theory and Practice},
    series = {Springer Briefs in Mathematical Physics},
    number={26},
    year = 2017
}
@Book{mussardo2010,
    author = {Mussardo, Giuseppe},
    title = {Statistical Field Theory. An Introduction to Exactly Solved Models of Statistical Physics},
    publisher = {Oxford University Press},
    year = 2010
}
@Book{narsky2014,
    author = {Narsky, Ilya and Porter, Frank C.},
    title = {Statistical Analysis Techniques in Particle Physics - Fits, Density Estimation and Supervised Learning},
    publisher = {Wiley-VCH},
    year = 2014
}
@Article{box1958,
    author = {Box,George Edward Pelham and Muller, Mervin Edgar},
    title = {A note on the generation of random normal deviates},
    journal = {Annals of Mathematical Statistics},
    number = {2},
    volume = {29},
    pages = {610--611},
    year = {1958}
}
@Article{neumann1951,
    author = {Neumann, John von},
    title = {Various techniques used in connection with random digits. Monte Carlo methods},
    journal = {Nat. Bureau Standards},
    volume = {12},
    pages = {36--38},
    year = {1951}
}
@Book{spiegel2009,
    author = {Spiegel, Murray},
    title = {Schaum's Outline of Advanced Mathematics for Engineers and Scientists},
    series = {Schaum's Outline Series},
    publisher = {McGraw-Hill Education},
    year = 2009
}
@Book{spiegel2012,
    author = {Spiegel, Murray},
    title = {Schaum's Outline of Probability and Statistics},
    series = {Schaum's Outline Series},
    publisher = {McGraw-Hill Education},
    year = 2012
}
@Book{hastings2001,
    author = {Hastings, Kevin J.},
    title = {Introduction to Probability with Mathematica},
    publisher = {CRC Press},
    year = 2001
}
@Book{bendat2010,
    author = {Bendat, Julius S. and Piersol, Allan G.},
    title = {Random Data: Analysis and Measurement Procedures},
    series = {Wiley Series in Probability and Statistics},
    publisher = {John Wiley \& Sons},
    year = 2010
}
@Book{wolfram2015,
    author = {Wolfram, Stephen},
    title = {An Elementary Introduction to the Wolfram Language},
    publisher = {Wolfram Media, Inc.},
    year = 2015
}
@Misc{mathematica12,
    author = {Wolfram Research{,} Inc.},
    title = {Mathematica, {V}ersion 12.0},
    url = {https://www.wolfram.com/mathematica},
    note = {Champaign, IL, 2019}
}
@Book{dorn2018,
    author = {Dorn, Eugene},
    title = {Schaum's Outline of Mathematica and the Wolfram Language},
    series = {Schaum's Outline Series},
    publisher = {McGraw-Hill Education},
    year = 2018
}